@inproceedings{ThreadSanitizer,
    author = {Serebryany, Konstantin and Iskhodzhanov, Timur},
    title = {ThreadSanitizer: Data Race Detection in Practice},
    year = {2009},
    isbn = {9781605587936},
    publisher = {Association for Computing Machinery},
    address = {New York, NY, USA},
    url = {https://doi.org/10.1145/1791194.1791203},
    doi = {10.1145/1791194.1791203},
    booktitle = {Proceedings of the Workshop on Binary Instrumentation and Applications},
    pages = {62–71},
    numpages = {10},
    keywords = {Valgrind, concurrency bugs, dynamic data race detection, testing},
    location = {New York, New York, USA},
    series = {WBIA ’09}
}
@inproceedings{ClangThreadSafetyAnalysis,
    author={D. {Hutchins} and A. {Ballman} and D. {Sutherland}},
    booktitle={2014 IEEE 14th International Working Conference on Source Code Analysis and Manipulation}, 
    title={C/C++ Thread Safety Analysis}, 
    year={2014},
    volume={},
    number={},
    pages={41-46}
}
@misc{ThreadSanitizerDoc,
    author = "{The Clang Team}",
    title = "Thread Sanitizer - Clang 11 documentation",
    year = "2009",
    howpublished = "\url{https://clang.llvm.org/docs/ThreadSanitizer.html}",
    note = "[Online; accessed 6-June-2020]"
}
@misc{ClangTidy,
    author = "{The Clang Team}",
    title = "Clang-Tidy - Clang 11 documentation",
    year = "2009",
    howpublished = "\url{https://clang.llvm.org/extra/clang-tidy/index.html}",
    note = "[Online; accessed 6-June-2020]"
}
